%YAML 1.1
%TAG !u! tag:unity3d.com,2011:
--- !u!1001 &100100000
Prefab:
  m_ObjectHideFlags: 1
  serializedVersion: 2
  m_Modification:
    m_TransformParent: {fileID: 0}
    m_Modifications: []
    m_RemovedComponents: []
  m_ParentPrefab: {fileID: 0}
  m_RootGameObject: {fileID: 1010080569658938}
  m_IsPrefabParent: 1
--- !u!1 &1010080569658938
GameObject:
  m_ObjectHideFlags: 0
  m_PrefabParentObject: {fileID: 0}
  m_PrefabInternal: {fileID: 100100000}
  serializedVersion: 5
  m_Component:
  - component: {fileID: 4055599533514270}
  - component: {fileID: 54583862305276410}
  - component: {fileID: 114071657758195594}
  - component: {fileID: 65557215433831394}
  - component: {fileID: 65091577002285728}
  m_Layer: 12
  m_Name: '[ Van ]'
  m_TagString: NPC
  m_Icon: {fileID: 0}
  m_NavMeshLayer: 0
  m_StaticEditorFlags: 0
  m_IsActive: 1
--- !u!1 &1208109172429286
GameObject:
  m_ObjectHideFlags: 0
  m_PrefabParentObject: {fileID: 0}
  m_PrefabInternal: {fileID: 100100000}
  serializedVersion: 5
  m_Component:
  - component: {fileID: 4769138668786116}
  - component: {fileID: 33100602355177404}
  - component: {fileID: 23086886134290182}
  m_Layer: 0
  m_Name: Van_1A
  m_TagString: Untagged
  m_Icon: {fileID: 0}
  m_NavMeshLayer: 0
  m_StaticEditorFlags: 0
  m_IsActive: 1
--- !u!1 &1211987951486828
GameObject:
  m_ObjectHideFlags: 1
  m_PrefabParentObject: {fileID: 0}
  m_PrefabInternal: {fileID: 100100000}
  serializedVersion: 5
  m_Component:
  - component: {fileID: 4160967301849378}
  - component: {fileID: 33539216693185980}
  - component: {fileID: 23501281865807706}
  m_Layer: 0
  m_Name: Wheel_Rear_R
  m_TagString: Untagged
  m_Icon: {fileID: 0}
  m_NavMeshLayer: 0
  m_StaticEditorFlags: 0
  m_IsActive: 1
--- !u!1 &1304379524443960
GameObject:
  m_ObjectHideFlags: 1
  m_PrefabParentObject: {fileID: 0}
  m_PrefabInternal: {fileID: 100100000}
  serializedVersion: 5
  m_Component:
  - component: {fileID: 4127254758288222}
  - component: {fileID: 33210262793549114}
  - component: {fileID: 23034993658867338}
  m_Layer: 0
  m_Name: Lights
  m_TagString: Untagged
  m_Icon: {fileID: 0}
  m_NavMeshLayer: 0
  m_StaticEditorFlags: 0
  m_IsActive: 1
--- !u!1 &1328296100418868
GameObject:
  m_ObjectHideFlags: 1
  m_PrefabParentObject: {fileID: 0}
  m_PrefabInternal: {fileID: 100100000}
  serializedVersion: 5
  m_Component:
  - component: {fileID: 4198053589677844}
  - component: {fileID: 33654852247343216}
  - component: {fileID: 23689407874773808}
  m_Layer: 0
  m_Name: Wheel_Front_L
  m_TagString: Untagged
  m_Icon: {fileID: 0}
  m_NavMeshLayer: 0
  m_StaticEditorFlags: 0
  m_IsActive: 1
--- !u!1 &1547031588529428
GameObject:
  m_ObjectHideFlags: 1
  m_PrefabParentObject: {fileID: 0}
  m_PrefabInternal: {fileID: 100100000}
  serializedVersion: 5
  m_Component:
  - component: {fileID: 4005346898839586}
  - component: {fileID: 33124706392385562}
  - component: {fileID: 23647008607795068}
  m_Layer: 0
  m_Name: Wheel_Rear_L
  m_TagString: Untagged
  m_Icon: {fileID: 0}
  m_NavMeshLayer: 0
  m_StaticEditorFlags: 0
  m_IsActive: 1
--- !u!1 &1766330874815838
GameObject:
  m_ObjectHideFlags: 1
  m_PrefabParentObject: {fileID: 0}
  m_PrefabInternal: {fileID: 100100000}
  serializedVersion: 5
  m_Component:
  - component: {fileID: 4203521081226598}
  - component: {fileID: 33190824367371686}
  - component: {fileID: 23426486202137024}
  m_Layer: 0
  m_Name: Wheel_Front_R
  m_TagString: Untagged
  m_Icon: {fileID: 0}
  m_NavMeshLayer: 0
  m_StaticEditorFlags: 0
  m_IsActive: 1
--- !u!4 &4005346898839586
Transform:
  m_ObjectHideFlags: 1
  m_PrefabParentObject: {fileID: 0}
  m_PrefabInternal: {fileID: 100100000}
  m_GameObject: {fileID: 1547031588529428}
  m_LocalRotation: {x: 0.000000059604627, y: 0.000000059604638, z: -0.000000014901175,
    w: 1}
  m_LocalPosition: {x: -0.9519121, y: 0.44315708, z: -1.204397}
  m_LocalScale: {x: 1, y: 1, z: 1}
  m_Children: []
  m_Father: {fileID: 4769138668786116}
  m_RootOrder: 3
  m_LocalEulerAnglesHint: {x: 0, y: 0, z: 0}
--- !u!4 &4055599533514270
Transform:
  m_ObjectHideFlags: 1
  m_PrefabParentObject: {fileID: 0}
  m_PrefabInternal: {fileID: 100100000}
  m_GameObject: {fileID: 1010080569658938}
  m_LocalRotation: {x: 0, y: 0.7071068, z: 0, w: 0.7071068}
  m_LocalPosition: {x: 84.68396, y: 1.317, z: -164.01123}
  m_LocalScale: {x: 1, y: 1, z: 1}
  m_Children:
  - {fileID: 4769138668786116}
  m_Father: {fileID: 0}
  m_RootOrder: 0
  m_LocalEulerAnglesHint: {x: 0, y: 90, z: 0}
--- !u!4 &4127254758288222
Transform:
  m_ObjectHideFlags: 1
  m_PrefabParentObject: {fileID: 0}
  m_PrefabInternal: {fileID: 100100000}
  m_GameObject: {fileID: 1304379524443960}
  m_LocalRotation: {x: 0.000000059604627, y: 0.000000059604638, z: -0.000000014901175,
    w: 1}
  m_LocalPosition: {x: 0.000000003573162, y: -0.029973855, z: 0.000000008456523}
  m_LocalScale: {x: 1, y: 1, z: 1}
  m_Children: []
  m_Father: {fileID: 4769138668786116}
  m_RootOrder: 0
  m_LocalEulerAnglesHint: {x: 0, y: 0, z: 0}
--- !u!4 &4160967301849378
Transform:
  m_ObjectHideFlags: 1
  m_PrefabParentObject: {fileID: 0}
  m_PrefabInternal: {fileID: 100100000}
  m_GameObject: {fileID: 1211987951486828}
  m_LocalRotation: {x: 0.000000059604627, y: 0.000000059604638, z: -0.000000014901175,
    w: 1}
  m_LocalPosition: {x: 0.95191216, y: 0.443157, z: -1.2043973}
  m_LocalScale: {x: 1, y: 1, z: 1}
  m_Children: []
  m_Father: {fileID: 4769138668786116}
  m_RootOrder: 4
  m_LocalEulerAnglesHint: {x: 0, y: 0, z: 0}
--- !u!4 &4198053589677844
Transform:
  m_ObjectHideFlags: 1
  m_PrefabParentObject: {fileID: 0}
  m_PrefabInternal: {fileID: 100100000}
  m_GameObject: {fileID: 1328296100418868}
  m_LocalRotation: {x: 0.000000059604627, y: 0.000000059604638, z: -0.000000014901175,
    w: 1}
  m_LocalPosition: {x: -1.0381519, y: 0.44315803, z: 2.0973027}
  m_LocalScale: {x: 1, y: 1, z: 1}
  m_Children: []
  m_Father: {fileID: 4769138668786116}
  m_RootOrder: 1
  m_LocalEulerAnglesHint: {x: 0, y: 0, z: 0}
--- !u!4 &4203521081226598
Transform:
  m_ObjectHideFlags: 1
  m_PrefabParentObject: {fileID: 0}
  m_PrefabInternal: {fileID: 100100000}
  m_GameObject: {fileID: 1766330874815838}
  m_LocalRotation: {x: 0.000000059604627, y: 0.000000059604638, z: -0.000000014901175,
    w: 1}
  m_LocalPosition: {x: 1.0381511, y: 0.44315803, z: 2.0973024}
  m_LocalScale: {x: 1, y: 1, z: 1}
  m_Children: []
  m_Father: {fileID: 4769138668786116}
  m_RootOrder: 2
  m_LocalEulerAnglesHint: {x: 0, y: 0, z: 0}
--- !u!4 &4769138668786116
Transform:
  m_ObjectHideFlags: 1
  m_PrefabParentObject: {fileID: 0}
  m_PrefabInternal: {fileID: 100100000}
  m_GameObject: {fileID: 1208109172429286}
  m_LocalRotation: {x: 0.00000014106499, y: -0.000000119209275, z: 1.4210853e-14,
    w: 1}
  m_LocalPosition: {x: 0.05984497, y: -0.775, z: 0.06315614}
  m_LocalScale: {x: 1, y: 1, z: 1}
  m_Children:
  - {fileID: 4127254758288222}
  - {fileID: 4198053589677844}
  - {fileID: 4203521081226598}
  - {fileID: 4005346898839586}
  - {fileID: 4160967301849378}
  m_Father: {fileID: 4055599533514270}
  m_RootOrder: 0
  m_LocalEulerAnglesHint: {x: 0, y: 0, z: 0}
--- !u!23 &23034993658867338
MeshRenderer:
  m_ObjectHideFlags: 1
  m_PrefabParentObject: {fileID: 0}
  m_PrefabInternal: {fileID: 100100000}
  m_GameObject: {fileID: 1304379524443960}
  m_Enabled: 1
  m_CastShadows: 1
  m_ReceiveShadows: 1
  m_DynamicOccludee: 1
  m_MotionVectors: 1
  m_LightProbeUsage: 1
  m_ReflectionProbeUsage: 1
  m_RenderingLayerMask: 4294967295
  m_Materials:
  - {fileID: 2100000, guid: 28dcd0bc049df4a2b976f5cb4e8031f8, type: 2}
  m_StaticBatchInfo:
    firstSubMesh: 0
    subMeshCount: 0
  m_StaticBatchRoot: {fileID: 0}
  m_ProbeAnchor: {fileID: 0}
  m_LightProbeVolumeOverride: {fileID: 0}
  m_ScaleInLightmap: 1
  m_PreserveUVs: 0
  m_IgnoreNormalsForChartDetection: 0
  m_ImportantGI: 0
  m_StitchLightmapSeams: 0
  m_SelectedEditorRenderState: 3
  m_MinimumChartSize: 4
  m_AutoUVMaxDistance: 0.5
  m_AutoUVMaxAngle: 89
  m_LightmapParameters: {fileID: 0}
  m_SortingLayerID: 0
  m_SortingLayer: 0
  m_SortingOrder: 0
--- !u!23 &23086886134290182
MeshRenderer:
  m_ObjectHideFlags: 1
  m_PrefabParentObject: {fileID: 0}
  m_PrefabInternal: {fileID: 100100000}
  m_GameObject: {fileID: 1208109172429286}
  m_Enabled: 1
  m_CastShadows: 1
  m_ReceiveShadows: 1
  m_DynamicOccludee: 1
  m_MotionVectors: 1
  m_LightProbeUsage: 1
  m_ReflectionProbeUsage: 1
  m_RenderingLayerMask: 4294967295
  m_Materials:
  - {fileID: 2100000, guid: 28dcd0bc049df4a2b976f5cb4e8031f8, type: 2}
  m_StaticBatchInfo:
    firstSubMesh: 0
    subMeshCount: 0
  m_StaticBatchRoot: {fileID: 0}
  m_ProbeAnchor: {fileID: 0}
  m_LightProbeVolumeOverride: {fileID: 0}
  m_ScaleInLightmap: 1
  m_PreserveUVs: 0
  m_IgnoreNormalsForChartDetection: 0
  m_ImportantGI: 0
  m_StitchLightmapSeams: 0
  m_SelectedEditorRenderState: 3
  m_MinimumChartSize: 4
  m_AutoUVMaxDistance: 0.5
  m_AutoUVMaxAngle: 89
  m_LightmapParameters: {fileID: 0}
  m_SortingLayerID: 0
  m_SortingLayer: 0
  m_SortingOrder: 0
--- !u!23 &23426486202137024
MeshRenderer:
  m_ObjectHideFlags: 1
  m_PrefabParentObject: {fileID: 0}
  m_PrefabInternal: {fileID: 100100000}
  m_GameObject: {fileID: 1766330874815838}
  m_Enabled: 1
  m_CastShadows: 1
  m_ReceiveShadows: 1
  m_DynamicOccludee: 1
  m_MotionVectors: 1
  m_LightProbeUsage: 1
  m_ReflectionProbeUsage: 1
  m_RenderingLayerMask: 4294967295
  m_Materials:
  - {fileID: 2100000, guid: 28dcd0bc049df4a2b976f5cb4e8031f8, type: 2}
  m_StaticBatchInfo:
    firstSubMesh: 0
    subMeshCount: 0
  m_StaticBatchRoot: {fileID: 0}
  m_ProbeAnchor: {fileID: 0}
  m_LightProbeVolumeOverride: {fileID: 0}
  m_ScaleInLightmap: 1
  m_PreserveUVs: 0
  m_IgnoreNormalsForChartDetection: 0
  m_ImportantGI: 0
  m_StitchLightmapSeams: 0
  m_SelectedEditorRenderState: 3
  m_MinimumChartSize: 4
  m_AutoUVMaxDistance: 0.5
  m_AutoUVMaxAngle: 89
  m_LightmapParameters: {fileID: 0}
  m_SortingLayerID: 0
  m_SortingLayer: 0
  m_SortingOrder: 0
--- !u!23 &23501281865807706
MeshRenderer:
  m_ObjectHideFlags: 1
  m_PrefabParentObject: {fileID: 0}
  m_PrefabInternal: {fileID: 100100000}
  m_GameObject: {fileID: 1211987951486828}
  m_Enabled: 1
  m_CastShadows: 1
  m_ReceiveShadows: 1
  m_DynamicOccludee: 1
  m_MotionVectors: 1
  m_LightProbeUsage: 1
  m_ReflectionProbeUsage: 1
  m_RenderingLayerMask: 4294967295
  m_Materials:
  - {fileID: 2100000, guid: 28dcd0bc049df4a2b976f5cb4e8031f8, type: 2}
  m_StaticBatchInfo:
    firstSubMesh: 0
    subMeshCount: 0
  m_StaticBatchRoot: {fileID: 0}
  m_ProbeAnchor: {fileID: 0}
  m_LightProbeVolumeOverride: {fileID: 0}
  m_ScaleInLightmap: 1
  m_PreserveUVs: 0
  m_IgnoreNormalsForChartDetection: 0
  m_ImportantGI: 0
  m_StitchLightmapSeams: 0
  m_SelectedEditorRenderState: 3
  m_MinimumChartSize: 4
  m_AutoUVMaxDistance: 0.5
  m_AutoUVMaxAngle: 89
  m_LightmapParameters: {fileID: 0}
  m_SortingLayerID: 0
  m_SortingLayer: 0
  m_SortingOrder: 0
--- !u!23 &23647008607795068
MeshRenderer:
  m_ObjectHideFlags: 1
  m_PrefabParentObject: {fileID: 0}
  m_PrefabInternal: {fileID: 100100000}
  m_GameObject: {fileID: 1547031588529428}
  m_Enabled: 1
  m_CastShadows: 1
  m_ReceiveShadows: 1
  m_DynamicOccludee: 1
  m_MotionVectors: 1
  m_LightProbeUsage: 1
  m_ReflectionProbeUsage: 1
  m_RenderingLayerMask: 4294967295
  m_Materials:
  - {fileID: 2100000, guid: 28dcd0bc049df4a2b976f5cb4e8031f8, type: 2}
  m_StaticBatchInfo:
    firstSubMesh: 0
    subMeshCount: 0
  m_StaticBatchRoot: {fileID: 0}
  m_ProbeAnchor: {fileID: 0}
  m_LightProbeVolumeOverride: {fileID: 0}
  m_ScaleInLightmap: 1
  m_PreserveUVs: 0
  m_IgnoreNormalsForChartDetection: 0
  m_ImportantGI: 0
  m_StitchLightmapSeams: 0
  m_SelectedEditorRenderState: 3
  m_MinimumChartSize: 4
  m_AutoUVMaxDistance: 0.5
  m_AutoUVMaxAngle: 89
  m_LightmapParameters: {fileID: 0}
  m_SortingLayerID: 0
  m_SortingLayer: 0
  m_SortingOrder: 0
--- !u!23 &23689407874773808
MeshRenderer:
  m_ObjectHideFlags: 1
  m_PrefabParentObject: {fileID: 0}
  m_PrefabInternal: {fileID: 100100000}
  m_GameObject: {fileID: 1328296100418868}
  m_Enabled: 1
  m_CastShadows: 1
  m_ReceiveShadows: 1
  m_DynamicOccludee: 1
  m_MotionVectors: 1
  m_LightProbeUsage: 1
  m_ReflectionProbeUsage: 1
  m_RenderingLayerMask: 4294967295
  m_Materials:
  - {fileID: 2100000, guid: 28dcd0bc049df4a2b976f5cb4e8031f8, type: 2}
  m_StaticBatchInfo:
    firstSubMesh: 0
    subMeshCount: 0
  m_StaticBatchRoot: {fileID: 0}
  m_ProbeAnchor: {fileID: 0}
  m_LightProbeVolumeOverride: {fileID: 0}
  m_ScaleInLightmap: 1
  m_PreserveUVs: 0
  m_IgnoreNormalsForChartDetection: 0
  m_ImportantGI: 0
  m_StitchLightmapSeams: 0
  m_SelectedEditorRenderState: 3
  m_MinimumChartSize: 4
  m_AutoUVMaxDistance: 0.5
  m_AutoUVMaxAngle: 89
  m_LightmapParameters: {fileID: 0}
  m_SortingLayerID: 0
  m_SortingLayer: 0
  m_SortingOrder: 0
--- !u!33 &33100602355177404
MeshFilter:
  m_ObjectHideFlags: 1
  m_PrefabParentObject: {fileID: 0}
  m_PrefabInternal: {fileID: 100100000}
  m_GameObject: {fileID: 1208109172429286}
  m_Mesh: {fileID: 4300000, guid: 3108eb81d248448afb3d46d3f7bb5f04, type: 3}
--- !u!33 &33124706392385562
MeshFilter:
  m_ObjectHideFlags: 1
  m_PrefabParentObject: {fileID: 0}
  m_PrefabInternal: {fileID: 100100000}
  m_GameObject: {fileID: 1547031588529428}
  m_Mesh: {fileID: 4300010, guid: 3108eb81d248448afb3d46d3f7bb5f04, type: 3}
--- !u!33 &33190824367371686
MeshFilter:
  m_ObjectHideFlags: 1
  m_PrefabParentObject: {fileID: 0}
  m_PrefabInternal: {fileID: 100100000}
  m_GameObject: {fileID: 1766330874815838}
  m_Mesh: {fileID: 4300004, guid: 3108eb81d248448afb3d46d3f7bb5f04, type: 3}
--- !u!33 &33210262793549114
MeshFilter:
  m_ObjectHideFlags: 1
  m_PrefabParentObject: {fileID: 0}
  m_PrefabInternal: {fileID: 100100000}
  m_GameObject: {fileID: 1304379524443960}
  m_Mesh: {fileID: 4300008, guid: 3108eb81d248448afb3d46d3f7bb5f04, type: 3}
--- !u!33 &33539216693185980
MeshFilter:
  m_ObjectHideFlags: 1
  m_PrefabParentObject: {fileID: 0}
  m_PrefabInternal: {fileID: 100100000}
  m_GameObject: {fileID: 1211987951486828}
  m_Mesh: {fileID: 4300012, guid: 3108eb81d248448afb3d46d3f7bb5f04, type: 3}
--- !u!33 &33654852247343216
MeshFilter:
  m_ObjectHideFlags: 1
  m_PrefabParentObject: {fileID: 0}
  m_PrefabInternal: {fileID: 100100000}
  m_GameObject: {fileID: 1328296100418868}
  m_Mesh: {fileID: 4300002, guid: 3108eb81d248448afb3d46d3f7bb5f04, type: 3}
--- !u!54 &54583862305276410
Rigidbody:
  m_ObjectHideFlags: 1
  m_PrefabParentObject: {fileID: 0}
  m_PrefabInternal: {fileID: 100100000}
  m_GameObject: {fileID: 1010080569658938}
  serializedVersion: 2
  m_Mass: 5000
  m_Drag: 1.33
  m_AngularDrag: 0.05
  m_UseGravity: 1
  m_IsKinematic: 0
  m_Interpolate: 0
  m_Constraints: 96
  m_CollisionDetection: 0
--- !u!65 &65091577002285728
BoxCollider:
  m_ObjectHideFlags: 1
  m_PrefabParentObject: {fileID: 0}
  m_PrefabInternal: {fileID: 100100000}
  m_GameObject: {fileID: 1010080569658938}
  m_Material: {fileID: 0}
  m_IsTrigger: 0
  m_Enabled: 1
  serializedVersion: 2
  m_Size: {x: 2.18, y: 1.41, z: 5.61}
  m_Center: {x: 0.08, y: -0.07, z: 0.61}
--- !u!65 &65557215433831394
BoxCollider:
  m_ObjectHideFlags: 1
  m_PrefabParentObject: {fileID: 0}
  m_PrefabInternal: {fileID: 100100000}
  m_GameObject: {fileID: 1010080569658938}
  m_Material: {fileID: 0}
  m_IsTrigger: 0
  m_Enabled: 1
  serializedVersion: 2
  m_Size: {x: 2.25, y: 0.85, z: 3.8}
  m_Center: {x: -0.0000076293945, y: 0.96, z: -0.11}
--- !u!114 &114071657758195594
MonoBehaviour:
  m_ObjectHideFlags: 1
  m_PrefabParentObject: {fileID: 0}
  m_PrefabInternal: {fileID: 100100000}
  m_GameObject: {fileID: 1010080569658938}
  m_Enabled: 1
  m_EditorHideFlags: 0
  m_Script: {fileID: 11500000, guid: 865ebb1617b39e74cb101850cc229d1e, type: 3}
  m_Name: 
  m_EditorClassIdentifier: 
  m_meshObject: {fileID: 0}
  m_useNodeToPathToOnStart: 0
  m_nodeToPathTo: {fileID: 0}
  m_nextNode: {fileID: 0}
  m_nextNodeThreshold: 1.58
  m_rotationSpeed: 2.84
  m_offsetPosVal: {x: 0, y: 0.4, z: 0}
  m_useRoadSpeedLimits: 0
  m_velocityMin: 0
  m_velocityMax: 5
  m_changeMaxVelocityOnSpeedLimitInc: 1
  m_velocity: 0
  m_accelerationRate: 10
  m_decelerationPercentage: 0.4
  m_randomLaneChange: 0
  m_randomChanceToOvertake: 0
  m_chanceOfUsingOfframp: 0
  m_chanceOfDirChange: 0
  m_rigidbody: {fileID: 54583862305276410}
  m_collider: {fileID: 65557215433831394}
  m_colliderOnCrash: {fileID: 65557215433831394}
  m_lightsFront: []
  m_lightsRear: []
  m_lightsBlinkerRight: []
  m_lightsBlinkerLeft: []
  m_blinkerSpeed: 0.2
  m_frontLightsEnabled: 0
  m_wheelsFront:
  - {fileID: 4198053589677844}
  - {fileID: 4203521081226598}
  m_wheelsRear:
  - {fileID: 4005346898839586}
  - {fileID: 4160967301849378}
  m_wheelAxis: 0
  m_wheelRotMultiplier: 1
  m_vehicleCheckDist: 1.6
  m_vehicleCheckRadius: 0.72
  m_vehicleCheckDistRay: 11.9
  m_vehicleCheckDistLeftRayOffset: 1.15
  m_vehicleCheckDistRightRayOffset: 1
  m_vehicleCheckDistRayMimicSpeedThreshold: 0.219
  m_vehicleCheckOvertakeOnHighway: 0
  m_vehicleCheckDistOvertakeHighwayOnly: 3.2
  m_vehicleCheckRadiusOvertakeHighwayOnly: 0.72
  m_enableVehicleCheckMid: 0
  m_vehicleCheckDistMid: 1.8
  m_vehicleCheckRadiusMid: 9.92
  m_intersectionCheckDistRay: 14
  m_vehicleCheckRadiusAtLightsCapsule: 1.15
  m_vehicleCheckDistAtLightsCapsule: 6
  m_vehicleCheckOffset: {x: 0, y: -0.17, z: 0}
  m_waitTimeMin: 0.05
  m_waitTimeMax: 0.25
  m_strictCrashCheck: 0
  m_timetoWaitAfterCrash: 4
  m_trafficLightCoolDownMax: 3
  m_enableWaitingDestroyTimer: 1
  m_waitingDestroyTimerMax: 50
  m_stuckDestroyTimerMax: 5
  m_killOnEmptyPath: 0
  m_trafficLightDetection: 3
  m_audioSource: {fileID: 0}
  m_audioClipEngine: {fileID: 0}
  m_audioClipHorn: {fileID: 0}
  m_playHornOnCrash: 0
  m_flashFrontLightsOnCrash: 0
  allowTochangeLanes: 0
