%YAML 1.1
%TAG !u! tag:unity3d.com,2011:
--- !u!1001 &100100000
Prefab:
  m_ObjectHideFlags: 1
  serializedVersion: 2
  m_Modification:
    m_TransformParent: {fileID: 0}
    m_Modifications: []
    m_RemovedComponents: []
  m_ParentPrefab: {fileID: 0}
  m_RootGameObject: {fileID: 1083274206109990}
  m_IsPrefabParent: 1
--- !u!1 &1083274206109990
GameObject:
  m_ObjectHideFlags: 0
  m_PrefabParentObject: {fileID: 0}
  m_PrefabInternal: {fileID: 100100000}
  serializedVersion: 5
  m_Component:
  - component: {fileID: 4762692427113182}
  - component: {fileID: 114764106744553190}
  - component: {fileID: 114458560797109028}
  - component: {fileID: 114931469137132940}
  - component: {fileID: 114200595110505088}
  m_Layer: 0
  m_Name: gameScenario
  m_TagString: Untagged
  m_Icon: {fileID: 0}
  m_NavMeshLayer: 0
  m_StaticEditorFlags: 0
  m_IsActive: 1
--- !u!4 &4762692427113182
Transform:
  m_ObjectHideFlags: 1
  m_PrefabParentObject: {fileID: 0}
  m_PrefabInternal: {fileID: 100100000}
  m_GameObject: {fileID: 1083274206109990}
  m_LocalRotation: {x: 0, y: 0, z: 0, w: 1}
  m_LocalPosition: {x: -1.3321764, y: 1.076256, z: -9.901802}
  m_LocalScale: {x: 1, y: 1, z: 1}
  m_Children: []
  m_Father: {fileID: 0}
  m_RootOrder: 0
  m_LocalEulerAnglesHint: {x: 0, y: 0, z: 0}
--- !u!114 &114200595110505088
MonoBehaviour:
  m_ObjectHideFlags: 1
  m_PrefabParentObject: {fileID: 0}
  m_PrefabInternal: {fileID: 100100000}
  m_GameObject: {fileID: 1083274206109990}
  m_Enabled: 1
  m_EditorHideFlags: 0
  m_Script: {fileID: 11500000, guid: bb90a9d6692fecb4c9ebdc387f833d9a, type: 3}
  m_Name: 
  m_EditorClassIdentifier: 
  Active: 0
  pasueActive: 0
  pausePanel: {fileID: 0}
--- !u!114 &114458560797109028
MonoBehaviour:
  m_ObjectHideFlags: 1
  m_PrefabParentObject: {fileID: 0}
  m_PrefabInternal: {fileID: 100100000}
  m_GameObject: {fileID: 1083274206109990}
  m_Enabled: 1
  m_EditorHideFlags: 0
  m_Script: {fileID: 11500000, guid: ed3fd15f555d3ab44ae9fed9c3d60003, type: 3}
  m_Name: 
  m_EditorClassIdentifier: 
--- !u!114 &114764106744553190
MonoBehaviour:
  m_ObjectHideFlags: 1
  m_PrefabParentObject: {fileID: 0}
  m_PrefabInternal: {fileID: 100100000}
  m_GameObject: {fileID: 1083274206109990}
  m_Enabled: 1
  m_EditorHideFlags: 0
  m_Script: {fileID: 11500000, guid: 4a9d8d0a9253fe04db5fb297a60e8e0a, type: 3}
  m_Name: 
  m_EditorClassIdentifier: 
  GUIDashboard: {fileID: 2800000, guid: 6273ac10909337b44bf07332a5d67620, type: 3}
  dashboardArrow: {fileID: 2800000, guid: 82743e9cf03c7ef49acfb72ca8ed73d8, type: 3}
  topSpeed: 0
  speed: 0
  chronoTex: {fileID: 2800000, guid: bd3be6ed091e6a54b9bc24a293062c35, type: 3}
  RPM: 0
  linkToBike: {fileID: 0}
--- !u!114 &114931469137132940
MonoBehaviour:
  m_ObjectHideFlags: 1
  m_PrefabParentObject: {fileID: 0}
  m_PrefabInternal: {fileID: 100100000}
  m_GameObject: {fileID: 1083274206109990}
  m_Enabled: 1
  m_EditorHideFlags: 0
  m_Script: {fileID: 11500000, guid: 5c183f392535d1b4997a2bb2704b84c0, type: 3}
  m_Name: 
  m_EditorClassIdentifier: 
  Vertical: 0
  Horizontal: 0
  VerticalMassShift: 0
  HorizontalMassShift: 0
  ESPMode: 0
  rearBrakeOn: 0
  restartBike: 0
  fullRestartBike: 0
  reverse: 0
  NOS: 0
  Crashed: 0
  HIT: 0
  startPoint: {fileID: 0}
